<?xml version="1.0" encoding="UTF-8"?><collection xmlns="http://www.loc.gov/MARC21/slim"><record><leader>00398nam--2200133-i-4500</leader><controlfield tag="001">000044942</controlfield><controlfield tag="002">20161230</controlfield><controlfield tag="005">20161230201044</controlfield><controlfield tag="008">060222s1000------------r-----000-0-eng-d</controlfield><datafield ind1=" " ind2=" " tag="080"><subfield code="a">543.063:543.42(043)</subfield></datafield><datafield ind1=" " ind2=" " tag="100"><subfield code="a">Tixier, Roland</subfield></datafield><datafield ind1=" " ind2=" " tag="245"><subfield code="a">Microanalyse par sonde electronique de echantillons minces. these</subfield></datafield><datafield ind1=" " ind2=" " tag="260"><subfield code="a">Paris, Orsay, L`Univ.De Paris-sud, Centre D`Orsay, 1973, 165p</subfield></datafield><datafield ind1=" " ind2=" " tag="852"><subfield code="a">44047</subfield></datafield></record></collection>